@BOOK{struts,
	AUTHOR       = {James Turner and Kevin Bedell},
	TITLE        = {Struts : JSP-Applikationen mit Jakarta Struts, JBoss und Apache Axis},
	PUBLISHER    = {Addison Wesley},
	YEAR         = {2003},
	ADDRESS      = {MÃ¼nchen}
}
